<zs:record>
      <zs:recordPacking>xml</zs:recordPacking>
      <zs:recordData>
        <record xmlns="http://www.loc.gov/MARC21/slim">
          <leader>00470nz a2200157 4500</leader>
          <controlfield tag="001">30002052</controlfield>
          <controlfield tag="003">RISM</controlfield>
          <controlfield tag="005">20121108</controlfield>
          <controlfield tag="008">121108n||az|||||||##########||||||||||||</controlfield>
          <datafield tag="043" ind1=" " ind2=" ">
            <subfield code="c">New Zealand</subfield>
          </datafield>
          <datafield tag="110" ind1="2" ind2=" ">
            <subfield code="a">The Alexander Turnbull Library &lt;Wellington&gt;</subfield>
            <subfield code="c">Wellington</subfield>
            <subfield code="g">NZ-Wt</subfield>
          </datafield>
          <datafield tag="410" ind1="2" ind2=" ">
            <subfield code="a">Alexander Turnbull Library</subfield>
          </datafield>
          <datafield tag="410" ind1="2" ind2=" ">
            <subfield code="a">National Library of New Zealand</subfield>
          </datafield>
          <datafield tag="622" ind1=" " ind2=" ">
            <subfield code="e">The Alexander Turnbull Library, P. O. Box 12349, Wellington, Neuseeland</subfield>
          </datafield>
          <datafield tag="688" ind1="2" ind2=" ">
            <subfield code="a">Series B: W</subfield>
          </datafield>
          <datafield tag="670" ind1="2" ind2=" ">
            <subfield code="a">1</subfield>
          </datafield>
          <idzebra xmlns="http://www.indexdata.dk/zebra/">
            <size>470</size>
            <score>788</score>
            <localnumber>830308</localnumber>
            <filename>sigla/sigla.mrc</filename>
          </idzebra>
        </record>
      </zs:recordData>
      <zs:recordPosition>3</zs:recordPosition>
    </zs:record>